@inproceedings{kundel2018p4,
  title={P4-CoDel: Active queue management in programmable data planes},
  author={Kundel, Ralf and Blendin, Jeremias and Viernickel, Tobias and Koldehofe, Boris and Steinmetz, Ralf},
  booktitle={2018 IEEE Conference on Network Function Virtualization and Software Defined Networks (NFV-SDN)},
  pages={1--4},
  year={2018},
  organization={IEEE}
}



@article{gettys2012bufferbloat,
  title={Bufferbloat: dark buffers in the internet},
  author={Gettys, Jim and Nichols, Kathleen},
  journal={Communications of the ACM},
  volume={55},
  number={1},
  pages={57--65},
  year={2012},
  publisher={ACM New York, NY, USA}
}

@article{nichols2013controlled,
  title={Controlled delay active queue management},
  author={Nichols, Kathleen and Jacobson, Van and McGregor, Andrew and Iyengar, Jana},
  journal={Work in Progress},
  year={2013}
}

@article{qiu2001understanding,
  title={Understanding the performance of many TCP flows},
  author={Qiu, Lili and Zhang, Yin and Keshav, Srinivasan},
  journal={Computer Networks},
  volume={37},
  number={3-4},
  pages={277--306},
  year={2001},
  publisher={Elsevier}
}

@inproceedings{jiang2012understanding,
  title={Understanding bufferbloat in cellular networks},
  author={Jiang, Haiqing and Liu, Zeyu and Wang, Yaogong and Lee, Kyunghan and Rhee, Injong},
  booktitle={Proceedings of the 2012 ACM SIGCOMM workshop on Cellular networks: operations, challenges, and future design},
  pages={1--6},
  year={2012}
}

@ARTICLE{6329367,
  author={R. {Adams}},
  journal={IEEE Communications Surveys   Tutorials}, 
  title={Active Queue Management: A Survey}, 
  year={2013},
  volume={15},
  number={3},
  pages={1425-1476},}


@techreport{rfc8290,
  author = {Toke Hoeiland-Joergensen, Paul McKenney, Dave Taht, Jim Gettys, Eric Dumazet},
  title = {The Flow Queue CoDel Packet Scheduler and Active Queue Management Algorithm},
  howpublished = {Internet Requests for Comments},
  type = {RFC},
  number = 8296,
  year = {2018},
  month = {January},
  issn = {2070-1721},
  publisher = {RFC Editor},
  institution = {RFC Editor},
  url = {https://tools.ietf.org/html/rfc8290}
}

@techreport{rfc2309,
  author = {Bob Braden et al.},
  title = {Recommendations on Queue Management and Congestion Avoidance in the Internet},
  howpublished = {Internet Requests for Comments},
  type = {RFC},
  number = 2309,
  year = {1998},
  month = {April},
  issn = {},
  publisher = {RFC Editor},
  institution = {RFC Editor},
  url = {https://tools.ietf.org/html/rfc2309}
}

@techreport{rfc8033,
  author = {Rong Pan et al.},
  title = {Proportional Integral Controller Enhanced (PIE):A Lightweight Control Scheme to Address the Bufferbloat Problem},
  howpublished = {Internet Requests for Comments},
  type = {RFC},
  number = 8033,
  year = {2017},
  month = {February},
  issn = {2070-1721},
  publisher = {RFC Editor},
  institution = {RFC Editor},
  url = {https://tools.ietf.org/html/rfc8033}
}

@inproceedings{kaur2014mininet,
  title={Mininet as software defined networking testing platform},
  author={Kaur, Karamjeet and Singh, Japinder and Ghumman, Navtej Singh},
  booktitle={International Conference on Communication, Computing \& Systems (ICCCS)},
  pages={139--42},
  year={2014}
}

@INPROCEEDINGS{6860404,
  author={R. L. S. {de Oliveira} and C. M. {Schweitzer} and A. A. {Shinoda} and  {Ligia Rodrigues Prete}},
  booktitle={2014 IEEE Colombian Conference on Communications and Computing (COLCOM)}, 
  title={Using Mininet for emulation and prototyping Software-Defined Networks}, 
  year={2014},
  volume={},
  number={},
  pages={1-6},}
  
 @techreport{AQM_Algorithm,
  author = {Greg White et al.},
  title = {Active Queue Management Algorithms for DOCSIS 3.0},
  howpublished = {Internet Requests for Comments},
  type = {},
  number = {},
  year = {2013},
  month = {April},
  issn = {},
  publisher = {},
  institution = {},
  url = https://www-res.cablelabs.com/wp-content/uploads/2019/02/28094033/Active_Queue_Management_Algorithms_DOCSIS_3_0.pdf}
} 


@article{bosshart2014p4,
  title={P4: Programming protocol-independent packet processors},
  author={Bosshart, Pat and Daly, Dan and Gibb, Glen and Izzard, Martin and McKeown, Nick and Rexford, Jennifer and Schlesinger, Cole and Talayco, Dan and Vahdat, Amin and , George and others},
  journal={ACM SIGCOMM Computer Communication Review},
  volume={44},
  number={3},
  pages={87--95},
  year={2014},
  publisher={ACM New York, NY, USA}
}

@inproceedings{goyal2017comparative,
  title={Comparative study of two most popular packet sniffing tools-Tcpdump and Wireshark},
  author={Goyal, Piyush and Goyal, Anurag},
  booktitle={2017 9th International Conference on Computational Intelligence and Communication Networks (CICN)},
  pages={77--81},
  year={2017},
  organization={IEEE}
}

@book{orebaugh2006wireshark,
  title={Wireshark \& Ethereal network protocol analyzer toolkit},
  author={Orebaugh, Angela and Ramirez, Gilbert and Beale, Jay},
  year={2006},
  publisher={Elsevier}
}