@inproceedings{kundel2018p4,
  title={P4-CoDel: Active queue management in programmable data planes},
  author={Kundel, Ralf and Blendin, Jeremias and Viernickel, Tobias and Koldehofe, Boris and Steinmetz, Ralf},
  booktitle={2018 IEEE Conference on Network Function Virtualization and Software Defined Networks (NFV-SDN)},
  pages={1--4},
  year={2018},
  organization={IEEE}
}

@article{bosshart2014p4,
  title={P4: Programming protocol-independent packet processors},
  author={Bosshart, Pat and Daly, Dan and Gibb, Glen and Izzard, Martin and McKeown, Nick and Rexford, Jennifer and Schlesinger, Cole and Talayco, Dan and Vahdat, Amin and Varghese, George and others},
  journal={ACM SIGCOMM Computer Communication Review},
  volume={44},
  number={3},
  pages={87--95},
  year={2014},
  publisher={ACM New York, NY, USA}
}

@article{gettys2012bufferbloat,
  title={Bufferbloat: dark buffers in the internet},
  author={Gettys, Jim and Nichols, Kathleen},
  journal={Communications of the ACM},
  volume={55},
  number={1},
  pages={57--65},
  year={2012},
  publisher={ACM New York, NY, USA}
}

@article{nichols2013controlled,
  title={Controlled delay active queue management},
  author={Nichols, Kathleen and Jacobson, Van and McGregor, Andrew and Iyengar, Jana},
  journal={Work in Progress},
  year={2013}
}

@misc{ AQM_link,
    title = "Active Queue Management Algorithms",
    howpublished = "https://www-res.cablelabs.com/wp-content/uploads/2019/02/28094033/Active_Queue_Management_Algorithms_DOCSIS_3_0.pdf",
  }
